<record><leader>00000cas a2200000 a 4500</leader><controlfield tag="001">11120952</controlfield><controlfield tag="008">840905u1976uuuuksuuu ne      0   a0eng  </controlfield><datafield ind1=" " ind2=" " tag="010"><subfield code="a">sn 84029488 </subfield></datafield><datafield ind1=" " ind2=" " tag="040"><subfield code="a">KSH</subfield><subfield code="b">eng</subfield><subfield code="c">KSH</subfield><subfield code="d">NPT</subfield><subfield code="d">OCL</subfield><subfield code="d">OCLCQ</subfield><subfield code="d">INU</subfield><subfield code="d">OCLCF</subfield><subfield code="d">DLC</subfield></datafield><datafield ind1=" " ind2=" " tag="042"><subfield code="a">pcc</subfield></datafield><datafield ind1=" " ind2=" " tag="043"><subfield code="a">n-us-ks</subfield></datafield><datafield ind1="0" ind2="0" tag="050"><subfield code="a">ML38</subfield><subfield code="b">.W5</subfield></datafield><datafield ind1="0" ind2="0" tag="245"><subfield code="a">Walnut Valley occasional.</subfield></datafield><datafield ind1=" " ind2=" " tag="260"><subfield code="a">Winfield, Kan. :</subfield><subfield code="b">Walnut Valley Association, Inc.,</subfield><subfield code="c">1976-</subfield></datafield><datafield ind1=" " ind2=" " tag="300"><subfield code="a">v. :</subfield><subfield code="b">ill. ;</subfield><subfield code="c">39-58 cm.</subfield></datafield><datafield ind1="0" ind2=" " tag="362"><subfield code="a">Vol. 1, no. 1 (Jan. 1976)-</subfield></datafield><datafield ind1=" " ind2=" " tag="588"><subfield code="a">Latest issue consulted: Vol. 13, no. 2 (Dec. 1998).</subfield></datafield><datafield ind1="2" ind2="0" tag="611"><subfield code="a">Walnut Valley Festival</subfield><subfield code="v">Newspapers.</subfield></datafield><datafield ind1=" " ind2="0" tag="650"><subfield code="a">Music festivals</subfield><subfield code="z">Kansas</subfield><subfield code="z">Winfield</subfield><subfield code="v">Newspapers.</subfield></datafield><datafield ind1="2" ind2="7" tag="611"><subfield code="a">Walnut Valley Festival.</subfield><subfield code="2">fast</subfield><subfield code="0">(OCoLC)fst01795609</subfield></datafield><datafield ind1=" " ind2="7" tag="650"><subfield code="a">Music festivals.</subfield><subfield code="2">fast</subfield><subfield code="0">(OCoLC)fst01030529</subfield></datafield><datafield ind1=" " ind2="7" tag="651"><subfield code="a">Kansas</subfield><subfield code="z">Winfield.</subfield><subfield code="2">fast</subfield><subfield code="0">(OCoLC)fst01211970</subfield></datafield><datafield ind1=" " ind2="7" tag="655"><subfield code="a">Newspapers.</subfield><subfield code="2">fast</subfield><subfield code="0">(OCoLC)fst01423814</subfield></datafield><datafield ind1="2" ind2=" " tag="710"><subfield code="a">Walnut Valley Association.</subfield></datafield><datafield ind1=" " ind2=" " tag="752"><subfield code="a">United States</subfield><subfield code="b">Kansas</subfield><subfield code="c">Cowley</subfield><subfield code="d">Winfield.</subfield></datafield></record>